% Encoding: UTF-8

@InBook{6-5,
  chapter = {ch6-5 Generalized Permutations and Combinations},
  author  = {Kenneth Rosen},
}

@Book{discrete,
  title  = {Discrete Mathematics and Its Applications, seventh edition-McGraw-Hill Science Engineering Math},
  author = {Kenneth Rosen},
  year = {2011},
  note   = {6-5},
}

@Comment{jabref-meta: databaseType:bibtex;}
